@book{baym2018lectures,
  title={Lectures on quantum mechanics},
  author={Baym, Gordon},
  year={2018},
  publisher={CRC Press}
}

@incollection{girvin2002quantum,
  title={The quantum Hall effect: novel excitations and broken symmetries},
  author={Girvin, Steven M},
  booktitle={Aspects topologiques de la physique en basse dimension. Topological aspects of low dimensional systems: Session LXIX. 7--31 July 1998},
  pages={53--175},
  year={2002},
  publisher={Springer}
}

@book{stone1992quantum,
  title={Quantum Hall Effect},
  author={Stone, Michael},
  year={1992},
  publisher={World Scientific}
}

@article{laughlin1983anomalous,
  title={Anomalous quantum Hall effect: an incompressible quantum fluid with fractionally charged excitations},
  author={Laughlin, Robert B},
  journal={Physical Review Letters},
  volume={50},
  number={18},
  pages={1395},
  year={1983},
  publisher={APS}
}

@book{coleman2015introduction,
  title={Introduction to many-body physics},
  author={Coleman, Piers},
  year={2015},
  publisher={Cambridge University Press}
}

@book{auerbach2012interacting,
  title={Interacting electrons and quantum magnetism},
  author={Auerbach, Assa},
  year={2012},
  publisher={Springer Science \& Business Media}
}

@book{nazarov2013advanced,
  title={Advanced Quantum Mechanics: A Practical Guide},
  author={Nazarov, Yuli V and Danon, Jeroen},
  year={2013},
  publisher={Cambridge University Press}
}

@article{folling2005spatial,
  title={Spatial quantum noise interferometry in expanding ultracold atom clouds},
  author={F{\"o}lling, Simon and Gerbier, Fabrice and Widera, Artur and Mandel, Olaf and Gericke, Tatjana and Bloch, Immanuel},
  journal={Nature},
  volume={434},
  number={7032},
  pages={481--484},
  year={2005},
  publisher={Nature Publishing Group UK London}
}

@article{brueckner1957bose,
  title={Bose-Einstein gas with repulsive interactions: General theory},
  author={Brueckner, KA and Sawada, K},
  journal={Physical Review},
  volume={106},
  number={6},
  pages={1117},
  year={1957},
  publisher={APS}
}

@article{andrews1997observation,
  title={Observation of interference between two Bose condensates},
  author={Andrews, MR and Townsend, CG and Miesner, H-J and Durfee, DS and Kurn, DM and Ketterle, W},
  journal={Science},
  volume={275},
  number={5300},
  pages={637--641},
  year={1997},
  publisher={American Association for the Advancement of Science}
}

@article{baym1999physics,
  title={The physics of Hanbury Brown-Twiss interferometry: from stars to nuclear collisions to atomic and condensed matter systems},
  author={Baym, Gordon},
  journal={Measuring The Size Of Things In The Universe: Hbt Interferometry And Heavy Ion Physics: Proceedings Of Cris' 98},
  pages={11},
  year={1999},
  publisher={World Scientific}
}

@article{kleppner2008hanbury,
  title={Hanbury Brownâ€™s steamroller},
  author={Kleppner, Daniel},
  journal={Physics Today},
  volume={61},
  number={8},
  pages={8--9},
  year={2008},
  publisher={AIP Publishing}
}

@article{magyar1963interference,
  title={Interference Fringes Produced by Superposition of Two Independent Maser Light Beams},
  author={Magyar, G and Mandel, L},
  journal={Nature},
  volume={198},
  number={4877},
  pages={255--256},
  year={1963},
  publisher={Nature Publishing Group UK London}
}

@book{abrikosov2012methods,
  title={Methods of quantum field theory in statistical physics},
  author={Abrikosov, Aleksei Alekseevich and Gorkov, Lev Petrovich and Dzyaloshinski, Igor Ekhielevich},
  year={2012},
  publisher={Courier Corporation}
}

@book{landau1980statistical,
  title={Statistical physics: theory of the condensed state},
  author={Landau, Lev Davidovich and Lifshitz, Evgenii Mikhailovich and Lifshitz, Evgenii Mikhailovich and Pitaevskii, LP},
  volume={9},
  year={1980},
  publisher={Butterworth-Heinemann}
}

@article{de1993crossover,
  title={Crossover from BCS to Bose superconductivity: Transition temperature and time-dependent Ginzburg-Landau theory},
  author={De Melo, CAR S{\'a} and Randeria, Mohit and Engelbrecht, Jan R},
  journal={Physical review letters},
  volume={71},
  number={19},
  pages={3202},
  year={1993},
  publisher={APS}
}

@article{regal2004observation,
  title={Observation of resonance condensation of fermionic atom pairs},
  author={Regal, CA and Greiner, Markus and Jin, Deborah S},
  journal={Physical review letters},
  volume={92},
  number={4},
  pages={040403},
  year={2004},
  publisher={APS}
}

@article{schafroth1954theory,
  title={Theory of superconductivity},
  author={Schafroth, MR},
  journal={Physical Review},
  volume={96},
  number={5},
  pages={1442},
  year={1954},
  publisher={APS}
}